@article{25864636,
  title = {{Activity of defined mushroom body output neurons underlies learned olfactory behavior in Drosophila.}},
  date = {2015 Apr 22},
  source = {Neuron},
  authors = {Owald, D and Felsenberg, J and Talbot, CB and Das, G and Perisse, E and Huetteroth, W and Waddell, S},
  author = {Owald, D and Felsenberg, J and Talbot, CB and Das, G and Perisse, E and Huetteroth, W and Waddell, S},
  year = {2015},
  month = {Apr},
  journal = {Neuron},
  volume = {86},
  number = {},
  pages = {417-27},
  pubmed_id = {25864636},
}



  